@misc{ wiki:xxx,
	author = "Wikipedia",
	title = "Desnudo (género artístico) --- Wikipedia{,} La enciclopedia libre",
	year = "2018",
	url = "https://es.wikipedia.org/w/index.php?title=Desnudo_(g%C3%A9nero_art%C3%ADstico)&oldid=110146526",
	note = "[Internet; descargado 24-septiembre-2018]"
}

@misc{ web:estudionadjar,
	author = "Estudio Nadjar",
	title = "\'Angulos de visi\'on de un lente y equivalencia de distancias focales entre diferentes formatos de sensor",
	year = "2016",
	month = "Septiembre",
	day="26",
	url = "http://www.estudionadjar.cl/blog/?p=2199",
	note = "[Internet; descargado 25-septiembre-2018]"
}

@online{jameshoustonweb,
	ALTauthor = {James Houston},
	ALTeditor = {James Houston},
	title = {James Houston Website},
	date = {2018-09-24},
	url = {http://www.houstonphoto.com},
	OPTsubtitle = {subtitle},
	OPTtitleaddon = {titleaddon},
	OPTlanguage = {language},
	OPTversion = {version},
	OPTnote = {note},
	OPTorganization = {organization},
	OPTdate = {24},
	OPTmonth = {09},
	OPTyear = {2018},
	OPTaddendum = {addendum},
	OPTpubstate = {pubstate},
	OPTurldate = {2018-09-24},
}

@article{ciherbritts,
	author = {Redacci\'on Cultura Inquieta},
	title = {Herb Ritts, maestro del desnudo cl\'asico},
	journaltitle = {Cultura Inquieta},
	journal = {Cultura Inquieta},
	year = {2016},
	month = {octubre},
	day = {12},
	date = {2016-10-12},
	OPTtranslator = {translator},
	OPTannotator = {annotator},
	OPTcommentator = {commentator},
	OPTsubtitle = {subtitle},
	OPTtitleaddon = {titleaddon},
	OPTeditor = {editor},
	OPTeditora = {editora},
	OPTeditorb = {editorb},
	OPTeditorc = {editorc},
	OPTjournalsubtitle = {journalsubtitle},
	OPTissuetitle = {issuetitle},
	OPTissuesubtitle = {issuesubtitle},
	OPTlanguage = {castellano},
	OPToriglanguage = {castellano},
	OPTseries = {series},
	OPTvolume = {volume},
	OPTnumber = {number},
	OPTeid = {eid},
	OPTissue = {issue},
	OPTmonth = {month},
	OPTpages = {pages},
	OPTversion = {version},
	OPTnote = {note},
	OPTissn = {issn},
	OPTaddendum = {addendum},
	OPTpubstate = {pubstate},
	OPTdoi = {doi},
	OPTeprint = {eprint},
	OPTeprintclass = {eprintclass},
	OPTeprinttype = {eprinttype},
	OPTurl = {http://culturainquieta.com/es/foto/item/10759-herb-ritts-maestro-del-desnudo-clasico.html},
	OPTurldate = {2018-09-21},
}

@article{ciantonbelovodchenco,
	author = {Redacci\'on Cultura Inquieta},
	title = {Un fot\'ografo captura la belleza y la fuerza del cuerpo femenino en una serie de desnudos},
	journaltitle = {Cultura Inquieta},
	journal = {Cultura Inquieta},
	year = {2017},
	month = {julio},
	day = {15},
	date = {2017-07-15},
	OPTtranslator = {translator},
	OPTannotator = {annotator},
	OPTcommentator = {commentator},
	OPTsubtitle = {subtitle},
	OPTtitleaddon = {titleaddon},
	OPTeditor = {editor},
	OPTeditora = {editora},
	OPTeditorb = {editorb},
	OPTeditorc = {editorc},
	OPTjournalsubtitle = {journalsubtitle},
	OPTissuetitle = {issuetitle},
	OPTissuesubtitle = {issuesubtitle},
	OPTlanguage = {castellano},
	OPToriglanguage = {castellano},
	OPTseries = {series},
	OPTvolume = {volume},
	OPTnumber = {number},
	OPTeid = {eid},
	OPTissue = {issue},
	OPTmonth = {month},
	OPTpages = {pages},
	OPTversion = {version},
	OPTnote = {note},
	OPTissn = {issn},
	OPTaddendum = {addendum},
	OPTpubstate = {pubstate},
	OPTdoi = {doi},
	OPTeprint = {eprint},
	OPTeprintclass = {eprintclass},
	OPTeprinttype = {eprinttype},
	OPTurl = {http://culturainquieta.com/es/foto/item/12291-un-fotografo-captura-la-belleza-y-la-fuerza-del-cuerpo-femenino-en-una-serie-de-desnudos.html},
	OPTurldate = {2018-09-23},
}

@article{cijameshouston,
	author = {Redacci\'on Cultura Inquieta},
	title = {Danza, belleza y desnudos: fotograf\'ias de James Houston},
	journaltitle = {Cultura Inquieta},
	journal = {Cultura Inquieta},
	year = {2016},
	month = {febrero},
	day = {12},
	date = {2016-02-12},
	OPTtranslator = {translator},
	OPTannotator = {annotator},
	OPTcommentator = {commentator},
	OPTsubtitle = {subtitle},
	OPTtitleaddon = {titleaddon},
	OPTeditor = {editor},
	OPTeditora = {editora},
	OPTeditorb = {editorb},
	OPTeditorc = {editorc},
	OPTjournalsubtitle = {journalsubtitle},
	OPTissuetitle = {issuetitle},
	OPTissuesubtitle = {issuesubtitle},
	OPTlanguage = {castellano},
	OPToriglanguage = {castellano},
	OPTseries = {series},
	OPTvolume = {volume},
	OPTnumber = {number},
	OPTeid = {eid},
	OPTissue = {issue},
	OPTmonth = {month},
	OPTpages = {pages},
	OPTversion = {version},
	OPTnote = {note},
	OPTissn = {issn},
	OPTaddendum = {addendum},
	OPTpubstate = {pubstate},
	OPTdoi = {doi},
	OPTeprint = {eprint},
	OPTeprintclass = {eprintclass},
	OPTeprinttype = {eprinttype},
	OPTurl = {http://culturainquieta.com/es/foto/item/1396-danza-belleza-y-desnudos-fotografias-de-james-houston.html},
	OPTurldate = {2018-09-23},
}

